<?xml version="1.0" encoding="UTF-8"?>
<record xmlns="http://www.loc.gov/MARC21/slim" xmlns:xsi="http://www.w3.org/2001/XMLSchema-instance" xsi:schemaLocation="http://www.loc.gov/MARC21/slim http://www.loc.gov/standards/marcxml/schema/MARC21slim.xsd">
<leader>00000cam a22      i 4500</leader>
<controlfield tag="001">001682695</controlfield>
<controlfield tag="003">NNU</controlfield>
<controlfield tag="005">20150729175318.0</controlfield>
<controlfield tag="008">890803s1964    iq       b    000 0 ara</controlfield>
<datafield tag="010" ind1=" " ind2=" ">
<subfield code="a">ne 66000505</subfield>
</datafield>
<datafield tag="035" ind1=" " ind2=" ">
<subfield code="a">(OCoLC)23512665</subfield>
</datafield>
<datafield tag="040" ind1=" " ind2=" ">
<subfield code="a">DLC</subfield>
<subfield code="b">eng</subfield>
<subfield code="c">EYM</subfield>
<subfield code="d">OCLCQ</subfield>
<subfield code="d">OCLCF</subfield>
<subfield code="d">OCLCQ</subfield>
<subfield code="d">OCLCO</subfield>
<subfield code="d">MEAUC</subfield>
<subfield code="d">OCL</subfield>
<subfield code="d">NNU</subfield>
</datafield>
<datafield tag="043" ind1=" " ind2=" ">
<subfield code="a">ma-----</subfield>
</datafield>
<datafield tag="050" ind1=" " ind2="4">
<subfield code="a">JQ1758</subfield>
<subfield code="b">.A3 H18 1964</subfield>
</datafield>
<datafield tag="100" ind1="1" ind2=" ">
<subfield code="6">880-01</subfield>
<subfield code="a">Ḥamādī, Shamrān,</subfield>
<subfield code="e">author.</subfield>
</datafield>
<datafield tag="245" ind1="1" ind2="3">
<subfield code="6">880-02</subfield>
<subfield code="a">al-Nuẓum al-siyāsīyah wa-al-dustūrīyah fī al-Sharq al-Awsaṭ /</subfield>
<subfield code="c">duktūr Shamrān Ḥamādī mudarris al-nuẓum al-sīyāsīyah fī Jāmiʻat Baghdād, Qism al-ʻUlūm al-Sīyāsīyah.</subfield>
</datafield>
<datafield tag="246" ind1="1" ind2="4">
<subfield code="6">880-03</subfield>
<subfield code="a">Mūjaz al-nuẓum al-siyāsīyah wa-al-dustūrīyah fī al-Sharq al-Awsaṭ</subfield>
</datafield>
<datafield tag="264" ind1=" " ind2="1">
<subfield code="6">880-04</subfield>
<subfield code="a">Baghdād :</subfield>
<subfield code="b">Sharikat al-Ṭabʻ wa-al-Nashr al-Ahlīyah,</subfield>
<subfield code="c">1964.</subfield>
</datafield>
<datafield tag="300" ind1=" " ind2=" ">
<subfield code="a">158 pages ;</subfield>
<subfield code="c">24 cm</subfield>
</datafield>
<datafield tag="336" ind1=" " ind2=" ">
<subfield code="a">text</subfield>
<subfield code="b">txt</subfield>
<subfield code="2">rdacontent</subfield>
</datafield>
<datafield tag="337" ind1=" " ind2=" ">
<subfield code="a">unmediated</subfield>
<subfield code="b">n</subfield>
<subfield code="2">rdamedia</subfield>
</datafield>
<datafield tag="338" ind1=" " ind2=" ">
<subfield code="a">volume</subfield>
<subfield code="b">nc</subfield>
<subfield code="2">rdacarrier</subfield>
</datafield>
<datafield tag="504" ind1=" " ind2=" ">
<subfield code="a">Includes bibliographical references (pages 149-150).</subfield>
</datafield>
<datafield tag="650" ind1=" " ind2="0">
<subfield code="a">Constitutional history</subfield>
<subfield code="z">Arab countries.</subfield>
</datafield>
<datafield tag="650" ind1=" " ind2="0">
<subfield code="a">Constitutional history</subfield>
<subfield code="z">Middle East.</subfield>
</datafield>
<datafield tag="650" ind1=" " ind2="7">
<subfield code="a">Constitutional history.</subfield>
<subfield code="2">fast</subfield>
<subfield code="0">(OCoLC)fst00875777</subfield>
</datafield>
<datafield tag="651" ind1=" " ind2="7">
<subfield code="a">Middle East</subfield>
<subfield code="2">fast</subfield>
<subfield code="0">(OCoLC)fst01241586</subfield>
</datafield>
<datafield tag="651" ind1=" " ind2="7">
<subfield code="a">Arab countries.</subfield>
<subfield code="2">fast</subfield>
<subfield code="0">(OCoLC)fst01240128</subfield>
</datafield>
<datafield tag="776" ind1="0" ind2="8">
<subfield code="i">Online version:</subfield>
<subfield code="a">Ḥamādī, Shamrān.</subfield>
<subfield code="t">Nuẓum al-siyāsīyah.</subfield>
<subfield code="d">1964</subfield>
<subfield code="w">(OCoLC)551394160</subfield>
</datafield>
<datafield tag="880" ind1="1" ind2=" ">
<subfield code="6">100-01/</subfield>
<subfield code="a">حمادي، شمران.</subfield>
</datafield>
<datafield tag="880" ind1="1" ind2="2">
<subfield code="6">245-02/</subfield>
<subfield code="a">النظم السياسية والدستورية في الشرق الأوسط /</subfield>
<subfield code="c">دكتور شمران حمادي مدرس النظم السياسية في جامعة بغداد، قسم العلوم السياسية.</subfield>
</datafield>
<datafield tag="880" ind1="1" ind2="4">
<subfield code="6">246-03/</subfield>
<subfield code="a">موجز النظم السياسية والدستورية في الشرق الأوسط</subfield>
</datafield>
<datafield tag="880" ind1=" " ind2="1">
<subfield code="6">264-04/</subfield>
<subfield code="a">بغداد :</subfield>
<subfield code="b">شركة الطبع والنشر الاهلية،</subfield>
<subfield code="c">1964.</subfield>
</datafield>
<datafield tag="OWN" ind1=" " ind2=" ">
<subfield code="a">GENERAL</subfield>
</datafield>
<datafield tag="AVA" ind1=" " ind2=" ">
<subfield code="a">NYU50</subfield>
<subfield code="b">BOBST</subfield>
<subfield code="c">Main Collection</subfield>
<subfield code="d">JQ1758.A2 H3</subfield>
<subfield code="e">unavailable</subfield>
<subfield code="t">Unavailable</subfield>
<subfield code="f">1</subfield>
<subfield code="g">1</subfield>
<subfield code="h">N</subfield>
<subfield code="i">1</subfield>
<subfield code="j">MAIN</subfield>
<subfield code="k">0</subfield>
</datafield>
</record>
